%% This BibTeX bibliography file was created using BibDesk.
%% http://bibdesk.sourceforge.net/


%% Created for Daniel Bunting at 2015-06-14 20:24:46 +0100 


%% Saved with string encoding Unicode (UTF-8) 



@inproceedings{citeulike:363715,
	Added-At = {2007-09-22T20:12:41.000+0200},
	Author = {Brun, Rene and Rademakers, Fons},
	Biburl = {http://www.bibsonomy.org/bibtex/23e8ec28f6af6603af750bf9f3160abaf/stuartw},
	Booktitle = {AIHENP'96 Workshop, Lausane},
	Citeulike-Article-Id = {363715},
	Date-Added = {2015-06-14 19:24:44 +0000},
	Date-Modified = {2015-06-14 19:24:44 +0000},
	Howpublished = {http://root.cern.ch/},
	Interhash = {0c0662965bb1c7f9dfc33ed734d3dcce},
	Intrahash = {3e8ec28f6af6603af750bf9f3160abaf},
	Journal = {Nucl. Inst. \& Meth. in Phys. Res. A},
	Keywords = {computing},
	Pages = {81--86},
	Priority = {0},
	Timestamp = {2007-09-22T20:12:44.000+0200},
	Title = {ROOT - An Object Oriented Data Analysis Framework},
	Volume = 389,
	Year = 1996}

@book{murphy2012machine,
	Author = {Murphy, Kevin P},
	Date-Added = {2015-06-14 15:39:13 +0000},
	Date-Modified = {2015-06-14 15:39:13 +0000},
	Publisher = {MIT press},
	Title = {Machine learning: a probabilistic perspective},
	Year = {2012}}
